@InProceedings{clq08,
    Author = {Casanova H. and Legrand A. and Quinson M.},
    Booktitle = {Proceedings of the Tenth International Event on Computer Modeling and Simulation},
    Title = {SimGrid: a Generic Framework for Large-Scale Distributed Experiments},
    Year = {2008},
    Pages = {126-131},
    Numpages = {6}
}

@InProceedings{csgscq11,
    Author = {Clauss P.-N. and Stillwell M. and Genaud S. and Suter F. and Casanova H. and Quinson M.},
    Booktitle = {International Parallel \& Distributed Processing Symposium},
    Title = {Single Node On-Line Simulation of MPI Applications with SMPI},
    Year = {2011},
    Month = {May},
    Pages = {664-675},
    Numpages = {12}
}

@Manual{mpif12,
    Author = {Message Passing Interface Forum},
    Title = {MPI: A Message-Passing Interface Standard Version 3.0},
    Year = {2012},
    Month = {September}
}

@InProceedings{ompi04,
    Author = {Gabriel E. and Fagg G. E. and Bosilca G. and Angskun T. and Dongarra J. J. and Squyres J. M. and Sahay V. and Kambadur P. and Barrett B. and Lumsdaine A. and Castain R. H. and Daniel D. J. and Graham R. L. and Woodall T. S.},
    Title = {Open MPI: Goals and Concept, and Design of a Next Generation MPI Implementation},
    Booktitle = {Proceedings, 11th European PVM/MPI Users' Group Meeting},
    Year = {2004},
    Month = {September},
    Address = {Budapest, Hungary},
    Pages = {97-104}
}

@Misc{mpich12,
    Author = {MPICH},
    Title = {MPICH Overview},
    Url = {http://www.mpich.org/about/overview/},
    Year = {2012}
}

@article{trg05,
    Author = {Thakur R. and Rabenseifner R. and Gropp W.},
    Journal = {Int’l Journal of High Performance Computing Applications},
    Title = {Optimization of Collective Communication Operations in MPICH},
    Year = {2005},
    Pages = {49-66}
}

@article{bmg07,
    Author = {Buntinas D. Mercier D. and Gropp W.},
    Journal = {Parallel Computing},
    Title = {Implementation and Evaluation of Shared-Memory Communication and Synchronization Operations in MPICH2 using the Nemesis Communication Subsystem},
    Year = {2007},
    Month = {September},
    Pages = {634--644},
    Numpages = {11},
    Volume = {33},
    Url = {http://linkinghub.elsevier.com/retrieve/pii/S0167819107000786}
}

@MISC{h12_1,
    Author = {Jane Hillston},
    Title = {Performance Modelling and Lecture 1 ("Modelling and Simulation")},
    Year = {2012},
    Url = {http://www.inf.ed.ac.uk/teaching/courses/pm/PM-lecture1.pdf}
}

@MISC{h12_13,
    Author = {Jane Hillston},
    Title = {Performance Modelling and Lecture 13 ("Simulation Models: Introduction and Motivation")},
    Year = {2012},
    Url = {http://www.inf.ed.ac.uk/teaching/courses/pm/PM-lecture1.pdf}
}

@InProceedings{fyl06,
    Author = {Faraj A. and Yuan X. and Lowenthal D. K.},
    Title = {STAR-MPI: Self Tuned Adaptive Routines for MPI Collective Operations},
    Booktitle = {The 20th ACM International Conference on Supercomputing},
    Year = {2006},
    Month = {June},
    Pages = {199-208},
    Numpages = {10}
}

@InProceedings{babbccrddg10,
    Author = {Bechhofer S. and Ainsworth J. and Bhagat J. and Buchan I. and Couch P. and Cruickshank D. and Roure D. D. and Delderfield M. and Dunlop I. and Gamble M.},
    Title = {Why linked data is not enough for scientists},
    Booktitle = {e-Science and 2010 IEEE Sixth International Conference},
    Year = {2010},
    Pages = {300-307},
    Numpages = {8},
    Url = {http://ieeexplore.ieee.org/xpls/abs_all.jsp?arnumber=5693931}
}

@article{m10,
    Author = {Mesirov J. P.},
    Journal = {Science Magazine},
    Title = {Accessible reproducible research},
    Volume = {327},
    Year = {2010},
    Pages = {415-416},
    Numpages = {2},
    Url = {http://statlab.bio5.org/foswiki/pub/Main/PapersForClassCPH685/science-reproducible-research.pdf}
}

@Unpublished{bdglmqssv13,
    Author = {Bédaride P. and Degomme A. and Genaud S. and Legrand A. and Markomanolis G. S. and Quinson M. and Stillwell M. and Suter F. and Videau B.},
    Title = {Improving Simulations of MPI Applications Using A Hybrid Network Model with Topology and Contention Support},
    Year = {2013},
    Note = {}
}

@article{sm06,
    Author = {Shende, S. S. and Malony, A. D.},
    Journal = {International Journal of High Performance Computing Applications},
    Title = {The TAU parallel performance system},
    Volume = {20},
    Year = {2006},
    Pages = {287-311},
    Numpages = {25},
    Url = {http://statlab.bio5.org/foswiki/pub/Main/PapersForClassCPH685/science-reproducible-research.pdf}
}

@manual{ms11,
    Author = {Markomanolis, G. S. and Suter, F.},
    Title = {Time-Independent Trace Acquisition Framework – A Grid'5000 How-to},
    Year = {2011},
    Url = {http://hal.inria.fr/inria-00593842}
}

@MISC{dms12,
    Author = {Desprez, F. and Markomanolis, G. S. and Suter, F.},
    Title = {Improving the Accuracy and Efficiency of Time-Independent Trace Replay},
    Year = {2012},
    Month = {October},
    Numpages = {17}
}